@PREAMBLE{ {\providecommand{\noopsort}[1]{}} }

@Article{	  hughes1997,
  title		= {Models and Representation},
  author	= {Hughes, Richard Ieuan Garth},
  journal	= {Philosophy of Science},
  volume	= {64},
  pages		= {S325--S336},
  year		= {1997},
  publisher	= {University of Chicago Press}
}